@misc{Godel1931,
    author    = {Kurt G\"odel},
    title     = {On Formally Undecidable Propositions of Principia Mathematica and Related Systems},
    howpublished = {Monatshefte f\"ur Mathematik und Physik, 38:173--198},
    year      = {1931}
}

@misc{Gray1947,
    author    = {Frank Gray},
    title     = {Pulse code communication},
    howpublished = {U.S. Patent 2,632,058},
    year      = {1947}
}

@article{Ramanujan1916,
    author  = {Srinivasa Ramanujan},
    title   = {Some formulae in the analytic theory of numbers},
    journal = {Mess. Math.},
    volume  = {45},
    pages   = {81--84},
    year    = {1916}
}

@book{Cormen2009,
  author    = {Thomas H. Cormen and Charles E. Leiserson and Ronald L. Rivest and Clifford Stein},
  title     = {Introduction to Algorithms, Third Edition},
  publisher = {MIT Press},
  year      = {2009},
  address   = {Cambridge, MA, USA}
}
