@misc{geosodicArxiv,
  title     = {The Geosodic Tree: Canonical Meltdown-Free Expansions Bridging Discrete and Continuous},
  author    = {Your Name and Others},
  howpublished = {arXiv e-prints},

  year      = {2025},
  note      = {Preprint, available at \url{https://arxiv.org/abs/9999.99999}}
}

@misc{someOtherRef,
  title     = {Placeholder for Another Reference},
  author    = {Placeholder Author},
  year      = {2025}
}
